@ARTICLE{2017EPSC...11..263G,
   author = {{Gangloff}, M. and {Andr{\'e}}, N. and {G{\'e}not}, V. and {Cecconi}, B. and 
	{Le Sidaner}, P. and {Bouchemit}, M. and {Budnik}, E. and {Jourdane}, N.
	},
    title = "{Implementation of a Space Weather VOEvent service at IRAP in the frame of Europlanet H2020 PSWS}",
  journal = {European Planetary Science Congress},
     year = 2017,
    month = sep,
   volume = 11,
      eid = {EPSC2017-263},
    pages = {EPSC2017-263},
   adsurl = {http://adsabs.harvard.edu/abs/2017EPSC...11..263G},
  adsnote = {Provided by the SAO/NASA Astrophysics Data System}
}

@ARTICLE{2017EPSC,
   author = {{Cecconi}, B. and {Le Sidaner}, P. and {Andr{\'e}}, N. and {Marmo}, C. and Rasetti, S.
	},
    title = "{VOEvent for Solar and Planetary Sciences}",
  journal = {European Planetary Science Congress},
     year = 2017,
    month = sep,
   volume = 11,
      eid = {EPSC2017-908},
    pages = {EPSC2017-908},
   adsurl = {http://adsabs.harvard.edu/abs/2017EPSC...11..908C},
  adsnote = {Provided by the SAO/NASA Astrophysics Data System}
}

